<?xml version="1.0" encoding="UTF-8"?><collection xmlns="http://www.loc.gov/MARC21/slim"><record><leader>00425nam--2200133-i-4500</leader><controlfield tag="001">000013359</controlfield><controlfield tag="002">20161230</controlfield><controlfield tag="005">20161230201030</controlfield><controlfield tag="008">060222s1000------------r-----000-0-eng-d</controlfield><datafield ind1=" " ind2=" " tag="080"><subfield code="a">548.7:537.5(043)</subfield></datafield><datafield ind1=" " ind2=" " tag="100"><subfield code="a">Balnchard, Christian</subfield></datafield><datafield ind1=" " ind2=" " tag="245"><subfield code="a">Effets de contraintes uniaxiales sur la r.p.e. et le spectre d exitation d ions 3d5 dans les compose ii-vi . these</subfield></datafield><datafield ind1=" " ind2=" " tag="260"><subfield code="a">Provence, Universite, 1974. /Dif. P.</subfield></datafield><datafield ind1=" " ind2=" " tag="852"><subfield code="a">48548</subfield></datafield></record></collection>